@article{Setting_the_after_sale_process,
   author = {Igor Stevanović and Darko Stanojević and Aleksandar Nedić},
   doi = {10.5937/jaes11-3821},
   issn = {18213197},
   issue = {2},
   journal = {Istrazivanja i Projektovanja za Privredu},
   keywords = {Car repair,Clients' demands,Indicators,Quality control,Service process},
   pages = {81-88},
   publisher = {Institute for research and design in industry},
   title = {Setting the after sale process and quality control at car dealerships to the purpose of increasing clients satisfaction},
   volume = {11},
   year = {2013},
   doi = {10.5937/jaes11-3821}
}

@article{SERVQUAL_OLD,
   author = {Valarie A Zeithaml and Leonard L Berry and Parasuraman C.},
   journal = {Journal of Retailing},
   month = {1},
   pages = {12-40},
   title = {SERVQUAL: A Multiple-Item Scale for measuring Consumer Perceptions of Service Quality},
   volume = {64},
   url = {https://www.researchgate.net/publication/200827786},
   year = {1988},
}

@article{Clercq2023,
   author = {Geert Clercq},
   month = {5},
   title = {France to spend 2 billion euros to boost bicycle usage | Reuters},
   url = {https://www.reuters.com/world/europe/france-spend-2-billion-euros-boost-bicycle-usage-2023-05-05/},
   year = {2023},
}

@article{Cerro2024,
   author = {Luis Cerro},
   month = {9},
   title = {El Gobierno anuncia 40 millones de euros en ayudas para la compra de bicicletas eléctricas y los sistemas de alquiler públicos | Maillot Magazine},
   url = {https://www.maillotmag.com/actualidad/el-gobierno-anuncia-40-millones-de-euros-en-ayudas-para-la-compra-de-bicicletas},
   year = {2024},
}

@article{European_declararion_on_cycling,
   journal = {Official Journal of the European Union},
   month = {4},
   pages = {1-5},
   title = {EUROPEAN DECLARATION ON CYCLING},
   url = {http://data.europa.eu/eli/C/2024/2377/oj},
   year = {2024},
}

@misc{cohesionOpenData,
   author = {Jeroen VAN OEL and John WALSH},
   month = {5},
   title = {2021-2027 investments in cycling infrastructure | Cohesion Open Data},
   url = {https://cohesiondata.ec.europa.eu/stories/s/2021-2027-investments-in-cycling-infrastructure/95yi-rxtw?utm_campaign=59b62c2e94a326119b00557e&utm_content=66605dc3ea7ed700015502f5&utm_medium=smarpshare&utm_source=linkedin},
   year = {2024},
}


@article{Measuring_After_sales_Service_Quality,
author = {Yan, Bingwen and McLaren, P.},
year = {2010},
month = {12},
pages = {2090-2094},
title = {Measuring after-sales service quality in automobile retails: An application of the SERVQUAL instruments},
journal = {IEEM2010 - IEEE International Conference on Industrial Engineering and Engineering Management},
doi = {10.1109/IEEM.2010.5674630}
}

@misc{asp_net_vs_laravel,
   author = {Shah Jigar},
   month = {4},
   title = {ASP.NET Vs Laravel: Which One Should You Use?},
   url = {https://wpwebinfotech.com/blog/asp-net-vs-laravel/},
   year = {2024},
}

@article{Vasavi2021,
   author = {S. Vasavi and K. Aswarth and T. Sai Durga Pavan and A. Anu Gokhale},
   doi = {10.1016/J.MATPR.2021.03.658},
   issn = {2214-7853},
   journal = {Materials Today: Proceedings},
   keywords = {Artificial Neural Network (ANN),Dynamic health monitoring,Edge Computing,Mobile application,Predictive analytics,Vehicle data,k-Nearest Neighbor (k-NN)},
   month = {1},
   pages = {8645-8654},
   publisher = {Elsevier},
   title = {Predictive analytics as a service for vehicle health monitoring using edge computing and AK-NN algorithm},
   volume = {46},
   year = {2021},
}

@INPROCEEDINGS{MAS_MOTORS,
  author={Shahlol, Abdelsalam and Alix, Abigail and Lagman, Ace},
  booktitle={2018 IEEE 10th International Conference on Humanoid, Nanotechnology, Information Technology,Communication and Control, Environment and Management (HNICEM)}, 
  title={Web-Based Automobile Service Management System for MAS Motors LLC}, 
  year={2018},
  volume={},
  number={},
  pages={1-6},
  keywords={Automobiles;Companies;History;Maintenance engineering;Information technology;Reliability;Automobile Service Management;Information System;Toyota;Vehicle Maintenance},
  doi={10.1109/HNICEM.2018.8666420}
}

@misc{mvc_geeksforgeeks,
   month = {4},
   title = {Benefit of using MVC - GeeksforGeeks},
   url = {https://www.geeksforgeeks.org/benefit-of-using-mvc/},
   year = {2023},
}

@misc{MVC_StartupHouse,
   title = {What is Model-View-Controller (MVC) },
   url = {https://startup-house.com/glossary/model-view-controller-mvc},
}

@misc{bike_data_businessresearch,
   title = {Bike Sharing Market Demand Report 2025 And Research To 2034},
   url = {https://www.thebusinessresearchcompany.com/report/bike-sharing-global-market-report},
}

@misc{servqual_blog_da_qualidade,
   author = {Ramos Davidson},
   month = {3},
   title = {SERVQUAL: um método para avaliar a qualidade do serviço - Blog da Qualidade},
   url = {https://blogdaqualidade.com.br/servqual-um-metodo-para-avaliar-a-qualidade-do-servico/},
   year = {2017},
}

@misc{rapid_app_development,
   title = {Rapid Application Development: A Deep Dive into RAD},
   url = {https://www.outsystems.com/tech-hub/app-dev/what-is-rapid-app-development/#a-very-brief-history-of-rad},
}


